@article{
rachamalla_mishra_kulkarni_2013,
title={Share-o-meter: An empirical analysis of KSM based memory sharing in virtualized systems},
DOI={10.1109/hipc.2013.6799096},
journal={20th Annual International Conference on High Performance Computing},
author={Rachamalla, Shashank and Mishra, Debadatta and Kulkarni, Purushottam},
year={2013}}

@article{
arcangeli_andrea_edius_ksm_2009,
author={Arcangeli, Andrea and Eidus, Izik and Wright, Chris},
year = {2009},
month = {01},
pages = {},
title = {Increasing memory density by using KSM}
}